@incollection{Bengio+chapter2007,
author = {Bengio, Yoshua and LeCun, Yann},
booktitle = {Large Scale Kernel Machines},
publisher = {MIT Press},
title = {Scaling Learning Algorithms Towards {AI}},
year = {2007}
}

@article{Hinton06,
author = {Hinton, Geoffrey E. and Osindero, Simon and Teh, Yee Whye},
journal = {Neural Computation},
pages = {1527--1554},
title = {A Fast Learning Algorithm for Deep Belief Nets},
volume = {18},
year = {2006}
}

@book{goodfellow2016deep,
title={Deep learning},
author={Goodfellow, Ian and Bengio, Yoshua and Courville, Aaron and Bengio, Yoshua},
volume={1},
year={2016},
publisher={MIT Press}
}
#############################################
@inproceedings{schaul2013no,
  title={No more pesky learning rates},
  author={Schaul, Tom and Zhang, Sixin and LeCun, Yann},
  booktitle={International conference on machine learning},
  pages={343--351},
  year={2013},
  organization={PMLR}
}
@article{wu2018understanding,
  title={Understanding short-horizon bias in stochastic meta-optimization},
  author={Wu, Yuhuai and Ren, Mengye and Liao, Renjie and Grosse, Roger},
  journal={arXiv preprint arXiv:1803.02021},
  year={2018}
}
@article{zhang2019lookahead,
  title={Lookahead optimizer: k steps forward, 1 step back},
  author={Zhang, Michael and Lucas, James and Ba, Jimmy and Hinton, Geoffrey E},
  journal={Advances in neural information processing systems},
  volume={32},
  year={2019}
}
@article{kairouz2021advances,
  title     = {Advances and open problems in federated learning},
  author    = {Kairouz, Peter and McMahan, H Brendan and Avent, Brendan and Bellet, Aur{\'e}lien and Bennis, Mehdi and Bhagoji, Arjun Nitin and Bonawitz, Kallista and Charles, Zachary and Cormode, Graham and Cummings, Rachel and others},
  journal   = {Foundations and Trends{\textregistered} in Machine Learning},
  volume    = {14},
  number    = {1--2},
  pages     = {1--210},
  year      = {2021},
  publisher = {Now Publishers, Inc.}
}
@article{hsu2019measuring,
  title   = {Measuring the effects of non-identical data distribution for federated visual classification},
  author  = {Hsu, Tzu-Ming Harry and Qi, Hang and Brown, Matthew},
  journal = {arXiv preprint arXiv:1909.06335},
  year    = {2019}
}
@inproceedings{chen2021bridging,
  title={On bridging generic and personalized federated learning for image classification},
  author={Chen, Hong-You and Chao, Wei-Lun},
  booktitle={International Conference on Learning Representations},
  year={2021}
}
@article{li2021fedbn,
  title   = {Fedbn: Federated learning on non-iid features via local batch normalization},
  author  = {Li, Xiaoxiao and Jiang, Meirui and Zhang, Xiaofei and Kamp, Michael and Dou, Qi},
  journal = {arXiv preprint arXiv:2102.07623},
  year    = {2021}
}

@incollection{haddad2011nonlinear,
  title     = {Nonlinear dynamical systems and control},
  author    = {Haddad, Wassim M and Chellaboina, VijaySekhar},
  booktitle = {Nonlinear Dynamical Systems and Control},
  year      = {2011},
  publisher = {Princeton university press}
}
@article{caldas2018leaf,
  title   = {Leaf: A benchmark for federated settings},
  author  = {Caldas, Sebastian and Duddu, Sai Meher Karthik and Wu, Peter and Li, Tian and Kone{\v{c}}n{\`y}, Jakub and McMahan, H Brendan and Smith, Virginia and Talwalkar, Ameet},
  journal = {arXiv preprint arXiv:1812.01097},
  year    = {2018}
}
@article{xiao2017fashion,
  title   = {Fashion-mnist: a novel image dataset for benchmarking machine learning algorithms},
  author  = {Xiao, Han and Rasul, Kashif and Vollgraf, Roland},
  journal = {arXiv preprint arXiv:1708.07747},
  year    = {2017}
}
@article{lecun1998gradient,
  title     = {Gradient-based learning applied to document recognition},
  author    = {LeCun, Yann and Bottou, L{\'e}on and Bengio, Yoshua and Haffner, Patrick},
  journal   = {Proceedings of the IEEE},
  volume    = {86},
  number    = {11},
  pages     = {2278--2324},
  year      = {1998},
  publisher = {Ieee}
}
@article{harper2015movielens,
  title     = {The movielens datasets: History and context},
  author    = {Harper, F Maxwell and Konstan, Joseph A},
  journal   = {Acm transactions on interactive intelligent systems (tiis)},
  volume    = {5},
  number    = {4},
  pages     = {1--19},
  year      = {2015},
  publisher = {ACM New York, NY, USA}
}
@online{xiao2017online,
  author      = {Han Xiao and Kashif Rasul and Roland Vollgraf},
  title       = {Fashion-MNIST: a Novel Image Dataset for Benchmarking Machine Learning Algorithms},
  date        = {2017-08-28},
  year        = {2017},
  eprintclass = {cs.LG},
  eprinttype  = {arXiv},
  eprint      = {cs.LG/1708.07747}
}
@inproceedings{zhou2018deep,
  title     = {Deep interest network for click-through rate prediction},
  author    = {Zhou, Guorui and Zhu, Xiaoqiang and Song, Chenru and Fan, Ying and Zhu, Han and Ma, Xiao and Yan, Yanghui and Jin, Junqi and Li, Han and Gai, Kun},
  booktitle = {Proceedings of the 24th ACM SIGKDD international conference on knowledge discovery \& data mining},
  pages     = {1059--1068},
  year      = {2018}
}
@inproceedings{muhammad2020fedfast,
  title     = {Fedfast: Going beyond average for faster training of federated recommender systems},
  author    = {Muhammad, Khalil and Wang, Qinqin and O'Reilly-Morgan, Diarmuid and Tragos, Elias and Smyth, Barry and Hurley, Neil and Geraci, James and Lawlor, Aonghus},
  booktitle = {Proceedings of the 26th ACM SIGKDD International Conference on Knowledge Discovery \& Data Mining},
  pages     = {1234--1242},
  year      = {2020}
}
@article{kingma2014adam,
  title   = {Adam: A method for stochastic optimization},
  author  = {Kingma, Diederik P and Ba, Jimmy},
  journal = {arXiv preprint arXiv:1412.6980},
  year    = {2014}
}
@article{lin2020ensemble,
  title   = {Ensemble distillation for robust model fusion in federated learning},
  author  = {Lin, Tao and Kong, Lingjing and Stich, Sebastian U and Jaggi, Martin},
  journal = {Advances in Neural Information Processing Systems},
  volume  = {33},
  pages   = {2351--2363},
  year    = {2020}
}
@inproceedings{shamsian2021personalized,
  title        = {Personalized federated learning using hypernetworks},
  author       = {Shamsian, Aviv and Navon, Aviv and Fetaya, Ethan and Chechik, Gal},
  booktitle    = {International Conference on Machine Learning},
  pages        = {9489--9502},
  year         = {2021},
  organization = {PMLR}
}
@article{li2019fedmd,
  title   = {Fedmd: Heterogenous federated learning via model distillation},
  author  = {Li, Daliang and Wang, Junpu},
  journal = {arXiv preprint arXiv:1910.03581},
  year    = {2019}
}
@article{zhang2021parameterized,
  title   = {Parameterized Knowledge Transfer for Personalized Federated Learning},
  author  = {Zhang, Jie and Guo, Song and Ma, Xiaosong and Wang, Haozhao and Xu, Wenchao and Wu, Feijie},
  journal = {Advances in Neural Information Processing Systems},
  volume  = {34},
  year    = {2021}
}
@article{li2021federated,
  title   = {Federated learning on non-iid data silos: An experimental study},
  author  = {Li, Qinbin and Diao, Yiqun and Chen, Quan and He, Bingsheng},
  journal = {arXiv preprint arXiv:2102.02079},
  year    = {2021}
}
@article{yao2021edge,
  title   = {Edge-Cloud Polarization and Collaboration: A Comprehensive Survey},
  author  = {Yao, Jiangchao and Zhang, Shengyu and Yao, Yang and Wang, Feng and Ma, Jianxin and Zhang, Jianwei and Chu, Yunfei and Ji, Luo and Jia, Kunyang and Shen, Tao and others},
  journal = {arXiv preprint arXiv:2111.06061},
  year    = {2021}
}
@article{reddi2020adaptive,
  title   = {Adaptive federated optimization},
  author  = {Reddi, Sashank and Charles, Zachary and Zaheer, Manzil and Garrett, Zachary and Rush, Keith and Kone{\v{c}}n{\`y}, Jakub and Kumar, Sanjiv and McMahan, H Brendan},
  journal = {arXiv preprint arXiv:2003.00295},
  year    = {2020}
}

@article{andrychowicz2016learning,
  title = {Learning to Learn by Gradient Descent by Gradient Descent},
  author = {Andrychowicz, Marcin and Denil, Misha and Gomez, Sergio and Hoffman, Matthew W. and Pfau, David and Schaul, Tom and Shillingford, Brendan and {de Freitas}, Nando},
  year = {2016},
  journal = {arXiv:1606.04474 [cs]},
  eprint = {1606.04474},
  eprinttype = {arxiv},
  primaryclass = {cs},
  archiveprefix = {arXiv},
  keywords = {Computer Science - Machine Learning,Computer Science - Neural and Evolutionary Computing},
  annotation = {01304}
}

@article{bertinetto2016learning,
  title = {Learning Feed-Forward One-Shot Learners},
  author = {Bertinetto, Luca and Henriques, Jo{\~a}o F. and Valmadre, Jack and Torr, Philip H. S. and Vedaldi, Andrea},
  year = {2016},
  journal = {arXiv:1606.05233 [cs]},
  eprint = {1606.05233},
  eprinttype = {arxiv},
  primaryclass = {cs},
  archiveprefix = {arXiv},
  keywords = {Computer Science - Computer Vision and Pattern Recognition,Computer Science - Machine Learning},
  annotation = {00344}
}

@article{finn2017modelagnostic,
  title = {Model-{{Agnostic Meta}}-{{Learning}} for {{Fast Adaptation}} of {{Deep Networks}}},
  author = {Finn, Chelsea and Abbeel, Pieter and Levine, Sergey},
  year = {2017},
  journal = {arXiv:1703.03400 [cs]},
  eprint = {1703.03400},
  eprinttype = {arxiv},
  primaryclass = {cs},
  archiveprefix = {arXiv},
  keywords = {Computer Science - Artificial Intelligence,Computer Science - Computer Vision and Pattern Recognition,Computer Science - Machine Learning,Computer Science - Neural and Evolutionary Computing},
  annotation = {04575}
}

@article{karimireddy2021scaffold,
  title = {{{SCAFFOLD}}: Stochastic {{Controlled Averaging}} for {{Federated Learning}}},
  author = {Karimireddy, Sai Praneeth and Kale, Satyen and Mohri, Mehryar and Reddi, Sashank J. and Stich, Sebastian U. and Suresh, Ananda Theertha},
  year = {2021},
  journal = {arXiv:1910.06378 [cs, math, stat]},
  eprint = {1910.06378},
  eprinttype = {arxiv},
  primaryclass = {cs, math, stat},
  archiveprefix = {arXiv},
  keywords = {68W40; 68W15; 90C25; 90C06,Computer Science - Distributed; Parallel; and Cluster Computing,Computer Science - Machine Learning,E.4,F.2.1,G.1.6,Mathematics - Optimization and Control,Statistics - Machine Learning},
  annotation = {00189}
}

@article{li2020federated,
  title = {Federated {{Optimization}} in {{Heterogeneous Networks}}},
  author = {Li, Tian and Sahu, Anit Kumar and Zaheer, Manzil and Sanjabi, Maziar and Talwalkar, Ameet and Smith, Virginia},
  year = {2020},
  journal = {arXiv:1812.06127 [cs, stat]},
  eprint = {1812.06127},
  eprinttype = {arxiv},
  primaryclass = {cs, stat},
  archiveprefix = {arXiv},
  keywords = {Computer Science - Machine Learning,Statistics - Machine Learning},
  annotation = {00509}
}

@article{mcmahan2017communication,
  title = {Communication-{{Efficient Learning}} of {{Deep Networks}} from {{Decentralized Data}}},
  author = {McMahan, H. Brendan and Moore, Eider and Ramage, Daniel and Hampson, Seth and y Arcas, Blaise Ag{\"u}era},
  year = {2017},
  journal = {arXiv:1602.05629 [cs]},
  eprint = {1602.05629},
  eprinttype = {arxiv},
  primaryclass = {cs},
  archiveprefix = {arXiv},
  keywords = {Computer Science - Machine Learning},
  annotation = {03148}
}

@article{nichol2018firstorder,
  title = {On {{First}}-{{Order Meta}}-{{Learning Algorithms}}},
  author = {Nichol, Alex and Achiam, Joshua and Schulman, John},
  year = {2018},
  journal = {arXiv:1803.02999 [cs]},
  eprint = {1803.02999},
  eprinttype = {arxiv},
  primaryclass = {cs},
  archiveprefix = {arXiv},
  keywords = {Computer Science - Machine Learning},
  annotation = {00822}
}

@book{pramling2012learning,
  title     = {Learning to learn: A study of Swedish preschool children},
  author    = {Pramling, Ingrid},
  year      = {2012},
  publisher = {Springer Science \& Business Media}
}

@inproceedings{ravi2016optimization,
  title = {Optimization as a Model for Few-Shot Learning},
  booktitle = {5th International Conference on Learning Representations, {ICLR} 2017,
               Toulon, France, April 24-26, 2017, Conference Track Proceedings},
  publisher = {OpenReview.net},
  author = {Ravi, Sachin and Larochelle, Hugo},
  year = {2016},
  annotation = {01741}
}

@article{wang2020federated,
  title = {Federated {{Learning}} with {{Matched Averaging}}},
  author = {Wang, Hongyi and Yurochkin, Mikhail and Sun, Yuekai and Papailiopoulos, Dimitris and Khazaeni, Yasaman},
  year = {2020},
  journal = {arXiv:2002.06440 [cs, stat]},
  eprint = {2002.06440},
  eprinttype = {arxiv},
  primaryclass = {cs, stat},
  archiveprefix = {arXiv},
  keywords = {Computer Science - Machine Learning,Statistics - Machine Learning},
  annotation = {00152}
}

@article{wang2020tackling,
  title = {Tackling the {{Objective Inconsistency Problem}} in {{Heterogeneous Federated Optimization}}},
  author = {Wang, Jianyu and Liu, Qinghua and Liang, Hao and Joshi, Gauri and Poor, H. Vincent},
  year = {2020},
  journal = {arXiv:2007.07481 [cs, stat]},
  eprint = {2007.07481},
  eprinttype = {arxiv},
  primaryclass = {cs, stat},
  archiveprefix = {arXiv},
  keywords = {Computer Science - Distributed; Parallel; and Cluster Computing,Computer Science - Machine Learning,Statistics - Machine Learning},
  annotation = {00064}
}

@article{xu2018metagradient,
  title = {Meta-{{Gradient Reinforcement Learning}}},
  author = {Xu, Zhongwen and {van Hasselt}, Hado and Silver, David},
  year = {2018},
  journal = {arXiv:1805.09801 [cs, stat]},
  eprint = {1805.09801},
  eprinttype = {arxiv},
  primaryclass = {cs, stat},
  archiveprefix = {arXiv},
  keywords = {Computer Science - Artificial Intelligence,Computer Science - Machine Learning,Statistics - Machine Learning}
}

@article{zhao2018federated,
  title = {Federated {{Learning}} with {{Non}}-{{IID Data}}},
  author = {Zhao, Yue and Li, Meng and Lai, Liangzhen and Suda, Naveen and Civin, Damon and Chandra, Vikas},
  year = {2018},
  journal = {arXiv:1806.00582 [cs, stat]},
  eprint = {1806.00582},
  eprinttype = {arxiv},
  primaryclass = {cs, stat},
  archiveprefix = {arXiv},
  keywords = {Computer Science - Machine Learning,Statistics - Machine Learning},
  annotation = {00559}
}



@inproceedings{charles2021convergence,
  title      = {Convergence and {{Accuracy Trade}}-{{Offs}} in {{Federated Learning}} and {{Meta}}-{{Learning}}},
  booktitle  = {The 24th {{International Conference}} on {{Artificial Intelligence}} and {{Statistics}}, {{AISTATS}} 2021, {{April}} 13-15, 2021, {{Virtual Event}}},
  author     = {Charles, Zachary and Kone{\v c}n{\'y}, Jakub},
  editor     = {Banerjee, Arindam and Fukumizu, Kenji},
  year       = {2021},
  series     = {Proceedings of {{Machine Learning Research}}},
  volume     = {130},
  pages      = {2575--2583},
  publisher  = {{PMLR}},
  annotation = {00000}
}

@article{chen2018federated,
  title         = {Federated {{Meta}}-{{Learning}} for {{Recommendation}}},
  author        = {Chen, Fei and Dong, Zhenhua and Li, Zhenguo and He, Xiuqiang},
  year          = {2018},
  journal       = {CoRR},
  volume        = {abs/1802.07876},
  eprint        = {1802.07876},
  eprinttype    = {arxiv},
  archiveprefix = {arXiv},
  annotation    = {00000}
}

@article{chen2020backdoor,
  title         = {Backdoor {{Attacks}} on {{Federated Meta}}-{{Learning}}},
  author        = {Chen, Chien-Lun and Golubchik, Leana and Paolieri, Marco},
  year          = {2020},
  journal       = {CoRR},
  volume        = {abs/2006.07026},
  eprint        = {2006.07026},
  eprinttype    = {arxiv},
  archiveprefix = {arXiv},
  annotation    = {00000}
}

@article{el-bouri2021scheduling,
  title         = {Towards {{Scheduling Federated Deep Learning}} Using {{Meta}}-{{Gradients}} for {{Inter}}-{{Hospital Learning}}},
  author        = {{el-Bouri}, Rasheed and Zhu, Tingting and Clifton, David A.},
  year          = {2021},
  journal       = {CoRR},
  volume        = {abs/2107.01707},
  eprint        = {2107.01707},
  eprinttype    = {arxiv},
  archiveprefix = {arXiv},
  annotation    = {00000}
}

@article{elgabli2021energyefficient,
  title         = {Energy-{{Efficient}} and {{Federated Meta}}-{{Learning}} via {{Projected Stochastic Gradient Ascent}}},
  author        = {Elgabli, Anis and Issaid, Chaouki Ben and Bedi, Amrit S. and Bennis, Mehdi and Aggarwal, Vaneet},
  year          = {2021},
  journal       = {CoRR},
  volume        = {abs/2105.14772},
  eprint        = {2105.14772},
  eprinttype    = {arxiv},
  archiveprefix = {arXiv},
  annotation    = {00000}
}

@inproceedings{fallah2020personalized,
  title      = {Personalized {{Federated Learning}} with {{Theoretical Guarantees}}: A {{Model}}-{{Agnostic Meta}}-{{Learning Approach}}},
  booktitle  = {Advances in {{Neural Information Processing Systems}} 33: Annual {{Conference}} on {{Neural Information Processing Systems}} 2020, {{NeurIPS}} 2020, {{December}} 6-12, 2020, Virtual},
  author     = {Fallah, Alireza and Mokhtari, Aryan and Ozdaglar, Asuman E.},
  editor     = {Larochelle, Hugo and Ranzato, Marc'Aurelio and Hadsell, Raia and Balcan, Maria-Florina and Lin, Hsuan-Tien},
  year       = {2020},
  annotation = {00000}
}

@article{huang2021compositional,
  title         = {Compositional {{Federated Learning}}: Applications in {{Distributionally Robust Averaging}} and {{Meta Learning}}},
  author        = {Huang, Feihu and Li, Junyi and Huang, Heng},
  year          = {2021},
  journal       = {CoRR},
  volume        = {abs/2106.11264},
  eprint        = {2106.11264},
  eprinttype    = {arxiv},
  archiveprefix = {arXiv},
  annotation    = {00000}
}

@article{jiang2019improving,
  title         = {Improving {{Federated Learning Personalization}} via {{Model Agnostic Meta Learning}}},
  author        = {Jiang, Yihan and Kone{\v c}n{\'y}, Jakub and Rush, Keith and Kannan, Sreeram},
  year          = {2019},
  journal       = {CoRR},
  volume        = {abs/1909.12488},
  eprint        = {1909.12488},
  eprinttype    = {arxiv},
  archiveprefix = {arXiv},
  annotation    = {00000}
}

@inproceedings{li2021metahar,
  title      = {Meta-{{HAR}}: Federated {{Representation Learning}} for {{Human Activity Recognition}}},
  booktitle  = {{{WWW}} '21: The {{Web Conference}} 2021, {{Virtual Event}} / {{Ljubljana}}, {{Slovenia}}, {{April}} 19-23, 2021},
  author     = {Li, Chenglin and Niu, Di and Jiang, Bei and Zuo, Xiao and Yang, Jianming},
  editor     = {Leskovec, Jure and Grobelnik, Marko and Najork, Marc and Tang, Jie and Zia, Leila},
  year       = {2021},
  pages      = {912--922},
  publisher  = {{ACM / IW3C2}},
  doi        = {10.1145/3442381.3450006},
  annotation = {00000}
}

@article{lin2020collaborative,
  title         = {A {{Collaborative Learning Framework}} via {{Federated Meta}}-{{Learning}}},
  author        = {Lin, Sen and Yang, Guang and Zhang, Junshan},
  year          = {2020},
  journal       = {CoRR},
  volume        = {abs/2001.03229},
  eprint        = {2001.03229},
  eprinttype    = {arxiv},
  archiveprefix = {arXiv},
  annotation    = {00000}
}

@inproceedings{lin2020meta,
  title      = {Meta {{Matrix Factorization}} for {{Federated Rating Predictions}}},
  booktitle  = {Proceedings of the 43rd {{International ACM SIGIR}} Conference on Research and Development in {{Information Retrieval}}, {{SIGIR}} 2020, {{Virtual Event}}, {{China}}, {{July}} 25-30, 2020},
  author     = {Lin, Yujie and Ren, Pengjie and Chen, Zhumin and Ren, Zhaochun and Yu, Dongxiao and Ma, Jun and de Rijke, Maarten and Cheng, Xiuzhen},
  editor     = {Huang, Jimmy and Chang, Yi and Cheng, Xueqi and Kamps, Jaap and Murdock, Vanessa and Wen, Ji-Rong and Liu, Yiqun},
  year       = {2020},
  pages      = {981--990},
  publisher  = {{ACM}},
  doi        = {10.1145/3397271.3401081},
  annotation = {00000}
}

@article{lin2020metagater,
  title         = {{{MetaGater}}: Fast {{Learning}} of {{Conditional Channel Gated Networks}} via {{Federated Meta}}-{{Learning}}},
  author        = {Lin, Sen and Yang, Li and He, Zhezhi and Fan, Deliang and Zhang, Junshan},
  year          = {2020},
  journal       = {CoRR},
  volume        = {abs/2011.12511},
  eprint        = {2011.12511},
  eprinttype    = {arxiv},
  archiveprefix = {arXiv},
  annotation    = {00000}
}

@inproceedings{r2019federated,
  title      = {Federated {{Learning}} in {{Distributed Medical Databases}}: Meta-{{Analysis}} of {{Large}}-{{Scale Subcortical Brain Data}}},
  booktitle  = {16th {{IEEE International Symposium}} on {{Biomedical Imaging}}, {{ISBI}} 2019, {{Venice}}, {{Italy}}, {{April}} 8-11, 2019},
  author     = {R, Santiago S. Silva and Gutman, Boris A. and Romero, Eduardo and Thompson, Paul M. and Altmann, Andr{\'e} and Lorenzi, Marco},
  year       = {2019},
  pages      = {270--274},
  publisher  = {{IEEE}},
  doi        = {10.1109/ISBI.2019.8759317},
  annotation = {00000}
}

@article{yao2019federated,
  title         = {Federated {{Learning}} with {{Unbiased Gradient Aggregation}} and {{Controllable Meta Updating}}},
  author        = {Yao, Xin and Huang, Tianchi and Zhang, Rui-Xiao and Li, Ruiyu and Sun, Lifeng},
  year          = {2019},
  journal       = {CoRR},
  volume        = {abs/1910.08234},
  eprint        = {1910.08234},
  eprinttype    = {arxiv},
  archiveprefix = {arXiv},
  annotation    = {00000}
}

@article{yue2021efficient,
  title         = {Efficient {{Federated Meta}}-{{Learning}} over {{Multi}}-{{Access Wireless Networks}}},
  author        = {Yue, Sheng and Ren, Ju and Xin, Jiang and Zhang, Deyu and Zhang, Yaoxue and Zhuang, Weihua},
  year          = {2021},
  journal       = {CoRR},
  volume        = {abs/2108.06453},
  eprint        = {2108.06453},
  eprinttype    = {arxiv},
  archiveprefix = {arXiv},
  annotation    = {00000}
}

@inproceedings{yue2021inexactadmm,
  title      = {Inexact-{{ADMM Based Federated Meta}}-{{Learning}} for {{Fast}} and {{Continual Edge Learning}}},
  booktitle  = {{{MobiHoc}} '21: The {{Twenty}}-Second {{International Symposium}} on {{Theory}}, {{Algorithmic Foundations}}, and {{Protocol Design}} for {{Mobile Networks}} and {{Mobile Computing}}, {{Shanghai}}, {{China}}, 26-29 {{July}}, 2021},
  author     = {Yue, Sheng and Ren, Ju and Xin, Jiang and Lin, Sen and Zhang, Junshan},
  year       = {2021},
  pages      = {91--100},
  publisher  = {{ACM}},
  doi        = {10.1145/3466772.3467038},
  annotation = {00000}
}

@inproceedings{zheng2020federated,
  title      = {Federated {{Meta}}-{{Learning}} for {{Fraudulent Credit Card Detection}}},
  booktitle  = {Proceedings of the {{Twenty}}-{{Ninth International Joint Conference}} on {{Artificial Intelligence}}, {{IJCAI}} 2020},
  author     = {Zheng, Wenbo and Yan, Lan and Gou, Chao and Wang, Fei-Yue},
  editor     = {Bessiere, Christian},
  year       = {2020},
  pages      = {4654--4660},
  publisher  = {{ijcai.org}},
  doi        = {10.24963/ijcai.2020/642},
  annotation = {00000}
}

@article{li2020federatedb,
  title={Federated learning: Challenges, methods, and future directions},
  author={Li, Tian and Sahu, Anit Kumar and Talwalkar, Ameet and Smith, Virginia},
  journal={IEEE Signal Processing Magazine},
  volume={37},
  number={3},
  pages={50--60},
  year={2020},
  publisher={IEEE}
}
@inproceedings{hsieh2020non,
  title={The non-iid data quagmire of decentralized machine learning},
  author={Hsieh, Kevin and Phanishayee, Amar and Mutlu, Onur and Gibbons, Phillip},
  booktitle={International Conference on Machine Learning},
  pages={4387--4398},
  year={2020},
  organization={PMLR}
}
@inproceedings{cho2022towards,
  title={Towards understanding biased client selection in federated learning},
  author={Cho, Yae Jee and Wang, Jianyu and Joshi, Gauri},
  booktitle={International Conference on Artificial Intelligence and Statistics},
  pages={10351--10375},
  year={2022},
  organization={PMLR}
}

###################### Noise on Optimization ######################
@inproceedings{ahn2012bayesian,
  title={Bayesian posterior sampling via stochastic gradient fisher scoring},
  author={Ahn, Sungjin and Korattikara, Anoop and Welling, Max},
  booktitle={Proceedings of the 29th International Conference on Machine Learning},
  pages={1771--1778},
  year={2012}
}

@inproceedings{chen2014stochastic,
  title={Stochastic gradient hamiltonian monte carlo},
  author={Chen, Tianqi and Fox, Emily and Guestrin, Carlos},
  booktitle={International conference on machine learning},
  pages={1683--1691},
  year={2014},
  organization={PMLR}
}

@article{mandt2017stochastic,
  title={Stochastic Gradient Descent as Approximate Bayesian Inference},
  author={Mandt, Stephan and Hoffman, Matthew D and Blei, David M},
  journal={Journal of Machine Learning Research},
  volume={18},
  pages={1--35},
  year={2017}
}
@inproceedings{zhu2019anisotropic,
  title={The Anisotropic Noise in Stochastic Gradient Descent: Its Behavior of Escaping from Sharp Minima and Regularization Effects},
  author={Zhu, Zhanxing and Wu, Jingfeng and Yu, Bing and Wu, Lei and Ma, Jinwen},
  booktitle={International Conference on Machine Learning},
  pages={7654--7663},
  year={2019},
  organization={PMLR}
}
@inproceedings{wu2020noisy,
  title={On the noisy gradient descent that generalizes as sgd},
  author={Wu, Jingfeng and Hu, Wenqing and Xiong, Haoyi and Huan, Jun and Braverman, Vladimir and Zhu, Zhanxing},
  booktitle={International Conference on Machine Learning},
  pages={10367--10376},
  year={2020},
  organization={PMLR}
}

@article{ziyin2021strength,
  title={Strength of minibatch noise in sgd},
  author={Ziyin, Liu and Liu, Kangqiao and Mori, Takashi and Ueda, Masahito},
  journal={arXiv preprint arXiv:2102.05375},
  year={2021}
}

@article{kramers1940brownian,
  title={Brownian motion in a field of force and the diffusion model of chemical reactions},
  author={Kramers, Hendrik Anthony},
  journal={Physica},
  volume={7},
  number={4},
  pages={284--304},
  year={1940},
  publisher={Elsevier}
}
@inproceedings{simsekli2019tail,
  title={A tail-index analysis of stochastic gradient noise in deep neural networks},
  author={Simsekli, Umut and Sagun, Levent and Gurbuzbalaban, Mert},
  booktitle={International Conference on Machine Learning},
  pages={5827--5837},
  year={2019},
  organization={PMLR}
}
@inproceedings{zhekexie2021a,
  author    = {Zeke Xie and
               Issei Sato and
               Masashi Sugiyama},
  title     = {A Diffusion Theory For Deep Learning Dynamics: Stochastic Gradient
               Descent Exponentially Favors Flat Minima},
  booktitle = {9th International Conference on Learning Representations, {ICLR} 2021,
               Virtual Event, Austria, May 3-7, 2021},
  publisher = {OpenReview.net},
  year      = {2021},
  url       = {https://openreview.net/forum?id=wXgk\_iCiYGo},
  timestamp = {Wed, 23 Jun 2021 17:36:39 +0200},
  biburl    = {https://dblp.org/rec/conf/iclr/XieSS21.bib},
  bibsource = {dblp computer science bibliography, https://dblp.org}
}
@article{battash2023revisiting,
  title={Revisiting the Noise Model of Stochastic Gradient Descent},
  author={Battash, Barak and Lindenbaum, Ofir},
  journal={arXiv preprint arXiv:2303.02749},
  year={2023}
}
@article{lindeberg1922neue,
  title={Eine neue Herleitung des Exponentialgesetzes in der Wahrscheinlichkeitsrechnung},
  author={Lindeberg, Jarl Waldemar},
  journal={Mathematische Zeitschrift},
  volume={15},
  number={1},
  pages={211--225},
  year={1922},
  publisher={Springer}
}

@inproceedings{zhu2022diurnal,
  title={Diurnal or nocturnal? federated learning of multi-branch networks from periodically shifting distributions},
  author={Zhu, Chen and Xu, Zheng and Chen, Mingqing and Kone{\v{c}}n{\`y}, Jakub and Hard, Andrew and Goldstein, Tom},
  booktitle={International Conference on Learning Representations},
  year={2022}
}

@article{guo2021towards,
  title={Towards federated learning on time-evolving heterogeneous data},
  author={Guo, Yongxin and Lin, Tao and Tang, Xiaoying},
  journal={arXiv preprint arXiv:2112.13246},
  year={2021}
}
@inproceedings{fraboni2023general,
  title={A general theory for client sampling in federated learning},
  author={Fraboni, Yann and Vidal, Richard and Kameni, Laetitia and Lorenzi, Marco},
  booktitle={Trustworthy Federated Learning: First International Workshop, FL 2022, Held in Conjunction with IJCAI 2022, Vienna, Austria, July 23, 2022, Revised Selected Papers},
  pages={46--58},
  year={2023},
  organization={Springer}
}
@article{karimireddy2020mime,
  title={Mime: Mimicking centralized stochastic algorithms in federated learning},
  author={Karimireddy, Sai Praneeth and Jaggi, Martin and Kale, Satyen and Mohri, Mehryar and Reddi, Sashank J and Stich, Sebastian U and Suresh, Ananda Theertha},
  journal={arXiv preprint arXiv:2008.03606},
  year={2020}
}
@article{lin2018don,
  title={Don't use large mini-batches, use local sgd},
  author={Lin, Tao and Stich, Sebastian U and Patel, Kumar Kshitij and Jaggi, Martin},
  journal={arXiv preprint arXiv:1808.07217},
  year={2018}
}
@article{sun2023understanding,
  title={Understanding Generalization of Federated Learning via Stability: Heterogeneity Matters},
  author={Sun, Zhenyu and Niu, Xiaochun and Wei, Ermin},
  journal={arXiv preprint arXiv:2306.03824},
  year={2023}
}